@article{dellal2011comparison,
  title={Comparison of physical and technical performance in European soccer match-play: FA Premier League and La Liga},
  author={Dellal and Alexandre and Chamari and Karim and Wong and del P and Ahmaidi and Said and Keller and Dominique and Barros and Ricardo and Bisciotti and Gian Nicola and Carling and Christopher},
  journal={European journal of sport science},
  volume={11},
  number={1},
  pages={51--59},
  year={2011},
  publisher={Taylor \& Francis}
}

@article{majewski2016identification,
  title={Identification of factors determining market value of the most valuable football players},
  author={Majewski and Sebastian},
  journal={Central European Management Journal},
  volume={24},
  number={3},
  pages={91--104},
  year={2016},
  publisher={Akademia Leona Ko{\'z}mi{\'n}skiego}
}

@article{brito2019new,
  title={A new paradigm to understand success in professional football: analysis of match statistics in LaLiga for 8 complete seasons},
  author={Brito Souza and Diego and Roberto and Blanco-Pita and Hugo and Resta and Ricardo and Del Coso and Juan},
  journal={International Journal of performance analysis in sport},
  volume={19},
  number={4},
  pages={543--555},
  year={2019},
  publisher={Taylor \& Francis}
}